<?xml version="1.0" encoding="UTF-8"?>
<marc:record xmlns:marc="http://www.loc.gov/MARC21/slim" xmlns:xsi="http://www.w3.org/2001/XMLSchema-instance" xsi:schemaLocation="http://www.loc.gov/standards/marcxml/schema/MARC21slim.xsd">
  <marc:leader>00000ndm a2200000 u 4500</marc:leader>
  <marc:controlfield tag="001">300001048</marc:controlfield>
  <marc:controlfield tag="003">DE-633</marc:controlfield>
  <marc:controlfield tag="005">20201029163401.0</marc:controlfield>
  <marc:controlfield tag="008">140911##################################</marc:controlfield>
  <marc:datafield tag="031" ind1=" " ind2=" ">
    <marc:subfield code="a">1</marc:subfield>
    <marc:subfield code="b">1</marc:subfield>
    <marc:subfield code="c">1</marc:subfield>
    <marc:subfield code="d">Kyrie. Moderato</marc:subfield>
    <marc:subfield code="g">G-2</marc:subfield>
    <marc:subfield code="m">vl 1</marc:subfield>
    <marc:subfield code="n">bB</marc:subfield>
    <marc:subfield code="o">c</marc:subfield>
    <marc:subfield code="p">{8''FFFF}{8F{qq6GFE}r6.F3G}{6AEFD}/{8CCCC}{3,qG'qE''qC}{8.B3GE}{6CxCD'B}</marc:subfield>
    <marc:subfield code="r">F</marc:subfield>
    <marc:subfield code="2">pe</marc:subfield>
  </marc:datafield>
  <marc:datafield tag="031" ind1=" " ind2=" ">
    <marc:subfield code="a">1</marc:subfield>
    <marc:subfield code="b">1</marc:subfield>
    <marc:subfield code="c">2</marc:subfield>
    <marc:subfield code="d">Kyrie. Moderato</marc:subfield>
    <marc:subfield code="g">C-1</marc:subfield>
    <marc:subfield code="m">S</marc:subfield>
    <marc:subfield code="n">bB</marc:subfield>
    <marc:subfield code="o">c</marc:subfield>
    <marc:subfield code="p">=6/4.''F8F4F-/4.C8C4C-/8.'A6A8AA4BnB/''C'B''C'nB/8''C</marc:subfield>
    <marc:subfield code="r">F</marc:subfield>
    <marc:subfield code="t">Kyrie, eleison Christe eleison Kyrie eleison</marc:subfield>
    <marc:subfield code="2">pe</marc:subfield>
  </marc:datafield>
  <marc:datafield tag="031" ind1=" " ind2=" ">
    <marc:subfield code="a">1</marc:subfield>
    <marc:subfield code="b">2</marc:subfield>
    <marc:subfield code="c">1</marc:subfield>
    <marc:subfield code="d">Gloria. Allegro vivace</marc:subfield>
    <marc:subfield code="g">G-2</marc:subfield>
    <marc:subfield code="m">vl 1</marc:subfield>
    <marc:subfield code="n">bB</marc:subfield>
    <marc:subfield code="o">c</marc:subfield>
    <marc:subfield code="p">4''FFFF/F{6FEFG}{8ACDE}/F{6FEFG}{8ACDE}/4FFF-/</marc:subfield>
    <marc:subfield code="r">F</marc:subfield>
    <marc:subfield code="2">pe</marc:subfield>
  </marc:datafield>
  <marc:datafield tag="031" ind1=" " ind2=" ">
    <marc:subfield code="a">1</marc:subfield>
    <marc:subfield code="b">2</marc:subfield>
    <marc:subfield code="c">2</marc:subfield>
    <marc:subfield code="d">Gloria. Allegro vivace</marc:subfield>
    <marc:subfield code="g">C-1</marc:subfield>
    <marc:subfield code="m">S</marc:subfield>
    <marc:subfield code="n">bB</marc:subfield>
    <marc:subfield code="o">c</marc:subfield>
    <marc:subfield code="p">2.A4A/A-''C{8DE}/4FFC{8DE}/4F-2-/2C'G/AF/4EEEF/G</marc:subfield>
    <marc:subfield code="r">F</marc:subfield>
    <marc:subfield code="t">Gloria, in excelsis Deo et in terra pax</marc:subfield>
    <marc:subfield code="2">pe</marc:subfield>
  </marc:datafield>
  <marc:datafield tag="031" ind1=" " ind2=" ">
    <marc:subfield code="a">1</marc:subfield>
    <marc:subfield code="b">3</marc:subfield>
    <marc:subfield code="c">1</marc:subfield>
    <marc:subfield code="d">Credo. Allegro moderato</marc:subfield>
    <marc:subfield code="g">G-2</marc:subfield>
    <marc:subfield code="m">vl 1</marc:subfield>
    <marc:subfield code="n">bB</marc:subfield>
    <marc:subfield code="o">3/4</marc:subfield>
    <marc:subfield code="p">4''FFF/{8FCDEFG}/4AAA/{8AxGAEFD}/4BBB/</marc:subfield>
    <marc:subfield code="r">F</marc:subfield>
    <marc:subfield code="2">pe</marc:subfield>
  </marc:datafield>
  <marc:datafield tag="031" ind1=" " ind2=" ">
    <marc:subfield code="a">1</marc:subfield>
    <marc:subfield code="b">3</marc:subfield>
    <marc:subfield code="c">2</marc:subfield>
    <marc:subfield code="d">Credo. Allegro moderato</marc:subfield>
    <marc:subfield code="g">C-1</marc:subfield>
    <marc:subfield code="m">S</marc:subfield>
    <marc:subfield code="n">bB</marc:subfield>
    <marc:subfield code="o">3/4</marc:subfield>
    <marc:subfield code="p">2.''F/4F--/2.''F/4F--/2F4D/n'B--/''CCC/'A2n'B/4''C</marc:subfield>
    <marc:subfield code="r">F</marc:subfield>
    <marc:subfield code="t">Credo, in unum Deum patrem omnipotentem</marc:subfield>
    <marc:subfield code="2">pe</marc:subfield>
  </marc:datafield>
  <marc:datafield tag="031" ind1=" " ind2=" ">
    <marc:subfield code="a">1</marc:subfield>
    <marc:subfield code="b">4</marc:subfield>
    <marc:subfield code="c">1</marc:subfield>
    <marc:subfield code="d">Sanctus. Adagio</marc:subfield>
    <marc:subfield code="g">G-2</marc:subfield>
    <marc:subfield code="m">vl 1</marc:subfield>
    <marc:subfield code="n">bB</marc:subfield>
    <marc:subfield code="o">c</marc:subfield>
    <marc:subfield code="p">{''8FFFF}{C6CC}{6n'B''CDC}/{8DDDD}{'G''6GG}{xFGAG}/{8BBBB}4E</marc:subfield>
    <marc:subfield code="r">F</marc:subfield>
    <marc:subfield code="2">pe</marc:subfield>
  </marc:datafield>
  <marc:datafield tag="031" ind1=" " ind2=" ">
    <marc:subfield code="a">1</marc:subfield>
    <marc:subfield code="b">4</marc:subfield>
    <marc:subfield code="c">2</marc:subfield>
    <marc:subfield code="d">Sanctus. Adagio</marc:subfield>
    <marc:subfield code="g">C-1</marc:subfield>
    <marc:subfield code="m">S</marc:subfield>
    <marc:subfield code="n">bB</marc:subfield>
    <marc:subfield code="o">c</marc:subfield>
    <marc:subfield code="p">2''F4C-/2D4'G-/2B4B-/4A8AA{AB}/4.''C8C4'B-/</marc:subfield>
    <marc:subfield code="r">F</marc:subfield>
    <marc:subfield code="t">Sanctus, Dominus Deus Sabaoth</marc:subfield>
    <marc:subfield code="2">pe</marc:subfield>
  </marc:datafield>
  <marc:datafield tag="031" ind1=" " ind2=" ">
    <marc:subfield code="a">1</marc:subfield>
    <marc:subfield code="b">5</marc:subfield>
    <marc:subfield code="c">1</marc:subfield>
    <marc:subfield code="d">Benedictus. Andante largo</marc:subfield>
    <marc:subfield code="g">G-2</marc:subfield>
    <marc:subfield code="m">cl 1</marc:subfield>
    <marc:subfield code="n">bBE</marc:subfield>
    <marc:subfield code="o">2/4</marc:subfield>
    <marc:subfield code="p">4B{6B''DGF}/4F{6FCE'A}/{''C'B8A}{8.''B6A}/{xFG}</marc:subfield>
    <marc:subfield code="r">B|b</marc:subfield>
    <marc:subfield code="2">pe</marc:subfield>
  </marc:datafield>
  <marc:datafield tag="031" ind1=" " ind2=" ">
    <marc:subfield code="a">1</marc:subfield>
    <marc:subfield code="b">5</marc:subfield>
    <marc:subfield code="c">2</marc:subfield>
    <marc:subfield code="d">Benedictus. Andante largo</marc:subfield>
    <marc:subfield code="g">C-1</marc:subfield>
    <marc:subfield code="m">S</marc:subfield>
    <marc:subfield code="n">bBE</marc:subfield>
    <marc:subfield code="o">2/4</marc:subfield>
    <marc:subfield code="p">=17/4'B{6B''D}{GF}/{4.F6C}8.E6'A/{''C'B}8B-''D/6{n'B''C}EC{C'B}BA/</marc:subfield>
    <marc:subfield code="r">B|b</marc:subfield>
    <marc:subfield code="t">Benedictus, qui venit in nomine Domini hosanna in excelsis</marc:subfield>
    <marc:subfield code="2">pe</marc:subfield>
  </marc:datafield>
  <marc:datafield tag="031" ind1=" " ind2=" ">
    <marc:subfield code="a">1</marc:subfield>
    <marc:subfield code="b">6</marc:subfield>
    <marc:subfield code="c">1</marc:subfield>
    <marc:subfield code="d">Agnus. Adagio</marc:subfield>
    <marc:subfield code="g">G-2</marc:subfield>
    <marc:subfield code="m">vl 1</marc:subfield>
    <marc:subfield code="n">bB</marc:subfield>
    <marc:subfield code="o">3/4</marc:subfield>
    <marc:subfield code="p">=10/{,8G'G}{B''DGB}/{6bAGFE}{DEFG}{AFEC}/4E</marc:subfield>
    <marc:subfield code="r">F</marc:subfield>
    <marc:subfield code="2">pe</marc:subfield>
  </marc:datafield>
  <marc:datafield tag="031" ind1=" " ind2=" ">
    <marc:subfield code="a">1</marc:subfield>
    <marc:subfield code="b">6</marc:subfield>
    <marc:subfield code="c">2</marc:subfield>
    <marc:subfield code="d">Agnus. Adagio</marc:subfield>
    <marc:subfield code="g">C-1</marc:subfield>
    <marc:subfield code="m">S</marc:subfield>
    <marc:subfield code="n">bB</marc:subfield>
    <marc:subfield code="o">3/4</marc:subfield>
    <marc:subfield code="p">=26/2B4B/{8''D'B}4B8-B/4''D4.D8D/4EC8-C/2bE4E/DD-/</marc:subfield>
    <marc:subfield code="r">F</marc:subfield>
    <marc:subfield code="t">Agnus Dei, qui tollis peccata mundi miserere nobis</marc:subfield>
    <marc:subfield code="2">pe</marc:subfield>
  </marc:datafield>
  <marc:datafield tag="031" ind1=" " ind2=" ">
    <marc:subfield code="a">1</marc:subfield>
    <marc:subfield code="b">7</marc:subfield>
    <marc:subfield code="c">1</marc:subfield>
    <marc:subfield code="d">Dona nobis. Allegro vivace</marc:subfield>
    <marc:subfield code="g">G-2</marc:subfield>
    <marc:subfield code="m">vl 1</marc:subfield>
    <marc:subfield code="n">bB</marc:subfield>
    <marc:subfield code="o">c</marc:subfield>
    <marc:subfield code="p">2''C'A/FG/A4B''C/{8'GEFxF}{GABnB}/2''C</marc:subfield>
    <marc:subfield code="r">F</marc:subfield>
    <marc:subfield code="2">pe</marc:subfield>
  </marc:datafield>
  <marc:datafield tag="031" ind1=" " ind2=" ">
    <marc:subfield code="a">1</marc:subfield>
    <marc:subfield code="b">7</marc:subfield>
    <marc:subfield code="c">2</marc:subfield>
    <marc:subfield code="d">Dona. Allegro vivace</marc:subfield>
    <marc:subfield code="g">C-1</marc:subfield>
    <marc:subfield code="m">S</marc:subfield>
    <marc:subfield code="n">bB</marc:subfield>
    <marc:subfield code="o">c</marc:subfield>
    <marc:subfield code="p">2''C'A/FG/A4B''C/'G-2-/</marc:subfield>
    <marc:subfield code="r">F</marc:subfield>
    <marc:subfield code="t">Dona nobis pacem</marc:subfield>
    <marc:subfield code="2">pe</marc:subfield>
  </marc:datafield>
  <marc:datafield tag="040" ind1=" " ind2=" ">
    <marc:subfield code="a">DE-633</marc:subfield>
    <marc:subfield code="b">eng</marc:subfield>
  </marc:datafield>
  <marc:datafield tag="041" ind1="0" ind2=" ">
    <marc:subfield code="a">lat</marc:subfield>
  </marc:datafield>
  <marc:datafield tag="100" ind1="1" ind2=" ">
    <marc:subfield code="a">Raszek, Wacław</marc:subfield>
    <marc:subfield code="d">1848+</marc:subfield>
    <marc:subfield code="j">Ascertained</marc:subfield>
    <marc:subfield code="0">pe30020314</marc:subfield>
  </marc:datafield>
  <marc:datafield tag="240" ind1="1" ind2="0">
    <marc:subfield code="a">Masses</marc:subfield>
    <marc:subfield code="m">Coro, orch, org</marc:subfield>
    <marc:subfield code="r">F</marc:subfield>
    <marc:subfield code="0">3900051</marc:subfield>
  </marc:datafield>
  <marc:datafield tag="245" ind1="1" ind2="0">
    <marc:subfield code="a">[cover title:] Missa in F | a | Canto Alto | Tenore et Basso | Violino Primo et Secundo | Clarinetto Primo et Secundo | Cornu Primo et Secundo | Organo con Violone | Auth Wenceslao Raszek.</marc:subfield>
  </marc:datafield>
  <marc:datafield tag="260" ind1=" " ind2=" ">
    <marc:subfield code="c">1829</marc:subfield>
    <marc:subfield code="8">01</marc:subfield>
  </marc:datafield>
  <marc:datafield tag="300" ind1=" " ind2=" ">
    <marc:subfield code="a">12 parts</marc:subfield>
    <marc:subfield code="c">40 x 25 cm</marc:subfield>
    <marc:subfield code="8">01</marc:subfield>
  </marc:datafield>
  <marc:datafield tag="500" ind1=" " ind2=" ">
    <marc:subfield code="a">vlne missing</marc:subfield>
    <marc:subfield code="8">01</marc:subfield>
  </marc:datafield>
  <marc:datafield tag="500" ind1=" " ind2=" ">
    <marc:subfield code="a">[pl-text: Zamiast partii vlne partia vla]</marc:subfield>
    <marc:subfield code="8">01</marc:subfield>
  </marc:datafield>
  <marc:datafield tag="500" ind1=" " ind2=" ">
    <marc:subfield code="a">[pl-text: Wcześniejsze sygnatury na okładce f. 1r: w prawym górnym rogu ołówkiem ręką nieznanego Paulina "N|o 200"; poniżej czerwonym tuszem ręką F. Maletza "N 227"; po lewej ołówkiem ręką W. Świerczka "522" w owalnym kółku</marc:subfield>
  </marc:datafield>
  <marc:datafield tag="500" ind1=" " ind2=" ">
    <marc:subfield code="a">[pl-text: Karta tytułowa okładki przekreślona czerwoną kredką oraz parafowana]</marc:subfield>
  </marc:datafield>
  <marc:datafield tag="500" ind1=" " ind2=" ">
    <marc:subfield code="a">Schreiberdatum auf der T-Stimme: "Scripsit [unleserliche Stelle] dnia 4 czerwca 1829r."</marc:subfield>
  </marc:datafield>
  <marc:datafield tag="500" ind1=" " ind2=" ">
    <marc:subfield code="a">Vermerk auf der org-Stimme: "Cybulski wział do przegrania głos Klarnetowy 28/8 1908"</marc:subfield>
  </marc:datafield>
  <marc:datafield tag="500" ind1=" " ind2=" ">
    <marc:subfield code="a">[pl-text: Notatki ołówkiem ręką P. Podejki na f. 1v okładki: "okł usztywniał fragment vl I Skrzy C"]</marc:subfield>
  </marc:datafield>
  <marc:datafield tag="500" ind1=" " ind2=" ">
    <marc:subfield code="a">[pl-text: Brak konkordancji]</marc:subfield>
  </marc:datafield>
  <marc:datafield tag="563" ind1=" " ind2=" ">
    <marc:subfield code="a">[pl-text: okładka w wewnątrz grzbietu podklejona kawałkiem papieru]</marc:subfield>
    <marc:subfield code="8">01</marc:subfield>
  </marc:datafield>
  <marc:datafield tag="590" ind1=" " ind2=" ">
    <marc:subfield code="a">Solo and Coro: S, A, Coro T, Solo and Coro B, vl 1, 2, vla, cl 1, 2, cor 1, 2, org (= bc)</marc:subfield>
    <marc:subfield code="b">3, 3, 3, 3, 4, 4, 4, 3, 2, 2, 2, 4f.</marc:subfield>
    <marc:subfield code="8">01</marc:subfield>
  </marc:datafield>
  <marc:datafield tag="592" ind1=" " ind2=" ">
    <marc:subfield code="a">[cover:] LOYKI / [four-petal rosette] | MK</marc:subfield>
    <marc:subfield code="8">01</marc:subfield>
  </marc:datafield>
  <marc:datafield tag="592" ind1=" " ind2=" ">
    <marc:subfield code="a">[without watermarks]</marc:subfield>
    <marc:subfield code="8">01</marc:subfield>
  </marc:datafield>
  <marc:datafield tag="593" ind1=" " ind2=" ">
    <marc:subfield code="a">Manuscript copy</marc:subfield>
    <marc:subfield code="8">01</marc:subfield>
  </marc:datafield>
  <marc:datafield tag="594" ind1=" " ind2=" ">
    <marc:subfield code="b">S solo</marc:subfield>
    <marc:subfield code="c">1</marc:subfield>
  </marc:datafield>
  <marc:datafield tag="594" ind1=" " ind2=" ">
    <marc:subfield code="b">A solo</marc:subfield>
    <marc:subfield code="c">1</marc:subfield>
  </marc:datafield>
  <marc:datafield tag="594" ind1=" " ind2=" ">
    <marc:subfield code="b">B solo</marc:subfield>
    <marc:subfield code="c">1</marc:subfield>
  </marc:datafield>
  <marc:datafield tag="594" ind1=" " ind2=" ">
    <marc:subfield code="b">Coro S</marc:subfield>
    <marc:subfield code="c">1</marc:subfield>
  </marc:datafield>
  <marc:datafield tag="594" ind1=" " ind2=" ">
    <marc:subfield code="b">Coro A</marc:subfield>
    <marc:subfield code="c">1</marc:subfield>
  </marc:datafield>
  <marc:datafield tag="594" ind1=" " ind2=" ">
    <marc:subfield code="b">Coro T</marc:subfield>
    <marc:subfield code="c">1</marc:subfield>
  </marc:datafield>
  <marc:datafield tag="594" ind1=" " ind2=" ">
    <marc:subfield code="b">Coro B</marc:subfield>
    <marc:subfield code="c">1</marc:subfield>
  </marc:datafield>
  <marc:datafield tag="594" ind1=" " ind2=" ">
    <marc:subfield code="b">vl</marc:subfield>
    <marc:subfield code="c">2</marc:subfield>
  </marc:datafield>
  <marc:datafield tag="594" ind1=" " ind2=" ">
    <marc:subfield code="b">vla</marc:subfield>
    <marc:subfield code="c">1</marc:subfield>
  </marc:datafield>
  <marc:datafield tag="594" ind1=" " ind2=" ">
    <marc:subfield code="b">vlne</marc:subfield>
    <marc:subfield code="c">1</marc:subfield>
  </marc:datafield>
  <marc:datafield tag="594" ind1=" " ind2=" ">
    <marc:subfield code="b">cl</marc:subfield>
    <marc:subfield code="c">2</marc:subfield>
  </marc:datafield>
  <marc:datafield tag="594" ind1=" " ind2=" ">
    <marc:subfield code="b">cor</marc:subfield>
    <marc:subfield code="c">2</marc:subfield>
  </marc:datafield>
  <marc:datafield tag="594" ind1=" " ind2=" ">
    <marc:subfield code="b">org</marc:subfield>
    <marc:subfield code="c">1</marc:subfield>
  </marc:datafield>
  <marc:datafield tag="594" ind1=" " ind2=" ">
    <marc:subfield code="a">S solo, A solo, B solo, Coro S, Coro A, Coro T, Coro B, vl (2), vla, vlne, cl (2), cor (2), org</marc:subfield>
  </marc:datafield>
  <marc:datafield tag="599" ind1=" " ind2=" ">
    <marc:subfield code="b">full</marc:subfield>
  </marc:datafield>
  <marc:datafield tag="650" ind1="0" ind2="7">
    <marc:subfield code="a">Masses</marc:subfield>
    <marc:subfield code="0">25133</marc:subfield>
  </marc:datafield>
  <marc:datafield tag="691" ind1=" " ind2="7">
    <marc:subfield code="a">MaletzC 1898</marc:subfield>
    <marc:subfield code="n">p. 6</marc:subfield>
    <marc:subfield code="0">lit1887</marc:subfield>
  </marc:datafield>
  <marc:datafield tag="691" ind1=" " ind2="7">
    <marc:subfield code="a">PodejkoK 1992</marc:subfield>
    <marc:subfield code="n">no.1163</marc:subfield>
    <marc:subfield code="0">lit1869</marc:subfield>
  </marc:datafield>
  <marc:datafield tag="700" ind1="1" ind2=" ">
    <marc:subfield code="a">Cybulski, Franciszek</marc:subfield>
    <marc:subfield code="d">19/20</marc:subfield>
    <marc:subfield code="j">Ascertained</marc:subfield>
    <marc:subfield code="0">pe30040555</marc:subfield>
    <marc:subfield code="4">oth</marc:subfield>
  </marc:datafield>
  <marc:datafield tag="700" ind1="1" ind2=" ">
    <marc:subfield code="a">Czaykowski, Józef</marc:subfield>
    <marc:subfield code="d">19.sc</marc:subfield>
    <marc:subfield code="j">Ascertained</marc:subfield>
    <marc:subfield code="0">pe30092343</marc:subfield>
    <marc:subfield code="4">scr</marc:subfield>
    <marc:subfield code="8">01</marc:subfield>
  </marc:datafield>
  <marc:datafield tag="700" ind1="1" ind2=" ">
    <marc:subfield code="a">Maletz, Franciszek</marc:subfield>
    <marc:subfield code="d">19/20</marc:subfield>
    <marc:subfield code="j">Ascertained</marc:subfield>
    <marc:subfield code="0">pe30040567</marc:subfield>
    <marc:subfield code="4">oth</marc:subfield>
    <marc:subfield code="8">01</marc:subfield>
  </marc:datafield>
  <marc:datafield tag="700" ind1="1" ind2=" ">
    <marc:subfield code="a">Świerczek, Wendelin</marc:subfield>
    <marc:subfield code="d">1888-1974</marc:subfield>
    <marc:subfield code="j">Ascertained</marc:subfield>
    <marc:subfield code="0">pe30075900</marc:subfield>
    <marc:subfield code="4">oth</marc:subfield>
    <marc:subfield code="8">01</marc:subfield>
  </marc:datafield>
  <marc:datafield tag="700" ind1="1" ind2=" ">
    <marc:subfield code="a">Podejko, Paweł</marc:subfield>
    <marc:subfield code="j">Ascertained</marc:subfield>
    <marc:subfield code="0">pe30075898</marc:subfield>
    <marc:subfield code="4">oth</marc:subfield>
    <marc:subfield code="8">01</marc:subfield>
  </marc:datafield>
  <marc:datafield tag="852" ind1=" " ind2=" ">
    <marc:subfield code="a">PL-CZ</marc:subfield>
    <marc:subfield code="d">N|o 200</marc:subfield>
    <marc:subfield code="d">N 227</marc:subfield>
    <marc:subfield code="d">522</marc:subfield>
    <marc:subfield code="e">Klasztor OO. Paulinów Jasna Góra - Biblioteka</marc:subfield>
    <marc:subfield code="x">ks30002070</marc:subfield>
    <marc:subfield code="c">III-553</marc:subfield>
    <marc:subfield code="p"/>
    <marc:subfield code="q"/>
    <marc:subfield code="u"/>
    <marc:subfield code="z"/>
  </marc:datafield>
  <marc:datafield tag="980" ind1=" " ind2=" ">
    <marc:subfield code="a">RISM</marc:subfield>
    <marc:subfield code="c">examined</marc:subfield>
  </marc:datafield>
</marc:record>
